@misc{UTT,
  title        = {Wikipedia article: University of Technology of Troyes},
  howpublished = {\url{https://en.wikipedia.org/wiki/University_of_Technology_of_Troyes}}
}

@misc{IFTH,
  title        = {Wikipedia article: Institut Français du Textile et de l'Habillement},
  howpublished = {\url{https://fr.wikipedia.org/wiki/Institut_fran%C3%A7ais_du_textile_et_de_l%27habillement}}
}

@article{FFIT1,
  author  = {Karla Simmons and Cynthia L. Istook and Pria Devarajan},
  journal = {Journal of Textile and Apparel. Technology and Management},
  volume  = {4},
  number  = {1},
  pages   = {},
  title   = {Female {F}igure {I}dentification {T}echnique ({FFIT}) for {A}pparel - {Part I}: Describing female shapes},
  year    = {Summer 2004},
  date    = {},
  url     = {},
  urldate = {}
}

@article{FFIT2,
  author  = {Karla Simmons and Cynthia L. Istook and Pria Devarajan},
  journal = {Journal of Textile and Apparel. Technology and Management},
  volume  = {4},
  number  = {1},
  pages   = {},
  title   = {Female {F}igure {I}dentification {T}echnique ({FFIT}) for {A}pparel - {Part II}: Development of shape sorting software},
  year    = {Summer 2004},
  date    = {},
  url     = {},
  urldate = {}
}

@article{FFIT3,
  author  = {Cynthia L. Istook and Pria Devarajan},
  journal = {Journal of Textile and Apparel. Technology and Management},
  volume  = {4},
  number  = {1},
  pages   = {},
  title   = {Validation of 'Female {F}igure {I}dentification {T}echnique ({FFIT}) for {A}pparel$^\copyright$' software},
  year    = {Summer 2004},
  date    = {},
  url     = {},
  urldate = {}
}

@article{ANNI,
  author  = {Feng-yuan Zou and Xiao-jun Ding and Shu-jun Zhang and Li-jun Wang and Yong-hong Zhang},
  journal = {2006 IEEE International Conference on Systems, Man, and Cybernetics},
  volume  = {4},
  number  = {1},
  pages   = {},
  title   = {Application of {N}eural {N}etwork to {I}dentification of {Y}oung {F}emales' {B}ody {T}ype},
  year    = {2006},
  date    = {October 8-11},
  url     = {},
  urldate = {}
}

@article{IJCST,
  author  = {Jeong Yim Lee and Cynthia L. Istook and Yun Ja Nam and Sun Mi Park},
  journal = {International Journal of Clothing Science and Technology},
  volume  = {19},
  number  = {5},
  pages   = {374-391},
  title   = {Comparison of body shape between {USA} and {K}orean women},
  year    = {2007},
  date    = {},
  url     = {http://dx.doi.org/10.1108/09556220710819555},
  urldate = {}
}

@article{PMS,
  author  = {Tanya Domina and Roschelle Heuberger and Maureen MacGillivray},
  journal = {Perceptual and Motor Skills},
  volume  = {19},
  number  = {106},
  pages   = {653-658},
  title   = {USE OF {3-D}IMENSIONAL BODY SCANS FOR BODY-IMAGE RESEARCH},
  year    = {2008},
  date    = {},
  url     = {},
  urldate = {}
}

@article{IJCAT,
  author  = {Kensuke Nakamura and Takao Kurokawa},
  journal = {Int. J. Computer Applications in Technology},
  volume  = {34},
  number  = {4},
  pages   = {278–284},
  title   = {Analysis and classification of three-dimensional trunk shape of women by using the human body shape model},
  year    = {2009},
  date    = {},
  url     = {},
  urldate = {}
}

@article{HFEMSI,
  author  = {Seungwoo Hong and Eui S. Jung and Sungjoon Park},
  journal = {Human Factors and Ergonomics in Manufacturing \& Service Industries},
  volume  = {},
  number  = {},
  pages   = {1-14},
  title   = {Comparison of {T}hree-{D}imensional {K}orean {M}ale {A}nthropometric {D}ata with {M}odeling {D}ata {G}enerated by {D}igital {H}uman {M}odels},
  year    = {2012},
  date    = {},
  url     = {},
  urldate = {}
}

@article{IJFDTE,
  author  = {Ann Mastamet-Mason and Helena M. De Klerk and Susan Ashdown},
  journal = {International Journal of Fashion Design, Technology and Education},
  volume  = {5},
  number  = {2},
  pages   = {105-116},
  title   = {Identification of a unique {A}frican female body shape},
  year    = {2012},
  date    = {},
  url     = {https://doi.org/10.1080/17543266.2011.648661},
  urldate = {}
}

@phdthesis{phdthesis,
  author  = {Frederick Steven Cottle},
  title   = {Statistical {H}uman {B}ody {F}orm {C}lassification: {M}ethodology {D}evelopment and {A}pplication},
  school  = {Graduate Faculty of Auburn University},
  year    = {2012},
  address = {},
  month   = {5},
  note    = {}
}

@article{ERGO,
  author  = {Woojin Park and Sungjoon Park},
  journal = {Ergonomics},
  volume  = {56},
  number  = {4},
  pages   = {692-706},
  title   = {Body shape analyses of large persons in {S}outh {K}orea},
  year    = {2013},
  date    = {},
  url     = {https://doi.org/10.1080/00140139.2012.752529},
  urldate = {}
}

@article{CONS,
  author  = {Bukisile P. Makhanya and Helena M. de Klerk and Karien Adamski and Anne Mastamet-Mason},
  journal = {International Journal of Consumer Studies},
  volume  = {38},
  number  = {},
  pages   = {183-191},
  title   = {Ethnicity, body shape differences and female consumers’ apparel fit problems},
  year    = {2014},
  date    = {},
  url     = {},
  urldate = {}
}

@article{CIE,
  author  = {Moez Hamad and Sébastien Thomassey and Pascal Bruniaux},
  journal = {Computers \& Industrial Engineerings},
  volume  = {113},
  number  = {},
  pages   = {683-692},
  title   = {A new sizing system based on {3D} shape descriptor for morphology clustering},
  year    = {2017},
  date    = {30 May},
  url     = {},
  urldate = {}
}

@article{FAP,
  author  = {T. Naveed and Y. Zhong and A. Hussain and A. A. Babar and A. Naeem and A. Iqbal and S. Saleemi},
  journal = {Fibers and Polymers},
  volume  = {19},
  number  = {12},
  pages   = {683-692},
  title   = {Female {B}ody {S}hape {C}lassifications and {T}heir {S}ignificant {I}mpact on {F}abric {U}tilization},
  year    = {2018},
  date    = {},
  url     = {},
  urldate = {}
}

@article{JTI,
  author  = {Ling Yin and Katherine Annett-Hitchcock},
  journal = {The Journal of The Textile Institute},
  volume  = {110},
  number  = {12},
  pages   = {1716-1724},
  title   = {Comparison of body measurements between {C}hinese and {U}.{S}. females},
  year    = {2019},
  date    = {},
  url     = {https://doi.org/10.1080/00405000.2019.1617531},
  urldate = {}
}

@article{TRJ,
  author  = {Jie Pei and Huiju Park and Susan P. Ashdown},
  journal = {Textile Research Journal},
  volume  = {89},
  number  = {4},
  pages   = {590–611},
  title   = {Female breast shape categorization based on analysis of {CAESAR} {3D} body scan data},
  year    = {2019},
  date    = {},
  url     = {https://doi.org/10.1177/0040517517753633},
  urldate = {}
}

@conference{SSCB,
  author       = {Susan L. Sokolowski and Chrissy Bettencourt},
  title        = {Modification of the {F}emale {F}igure {I}dentification {T}echnique ({FFIT}) {F}ormulas to {I}nclude {P}lus {S}ize {B}odies},
  booktitle    = {11th Int. Conference and Exhibition on 3D Body Scanning and Processing Technologies},
  year         = {2020},
  editor       = {},
  volume       = {},
  series       = {},
  pages        = {},
  address      = {Online/Virtual},
  month        = 11,
  organization = {3DBODY.TECH},
  publisher    = {},
  note         = {}
}

@article{Sheldon,
  author  = {W. H. Sheldon},
  journal = {NY: Harper and Brothers},
  volume  = {},
  number  = {},
  pages   = {},
  title   = {The Varieties of Human Physique},
  year    = {1940},
  date    = {},
  url     = {},
  urldate = {}
}

@article{Douty,
  author  = {H. I. Douty},
  journal = {The National Textiles and Clothing Meeting, Minneapolis, Minnesota},
  number  = {},
  title   = {Silhouette Photography for the Study of Visual Somatometry and Body Image},
  volume  = {},
  year    = {1968}
}

@book{Croney,
  author    = {John Croney},
  publisher = {Van Nostrand Reinhold},
  title     = {Anthropometrics for Designers},
  year      = {1971}
}

@book{Bonnie,
  author    = {Bonnie August and Ellen Count},
  publisher = {Macmillan Company, Incorporated},
  title     = {Complete Bonnie August Dress Thin System},
  year      = {1981}
}

@article{ROB,
  author    = {Ruth O'Brien and William Chastain Shelton},
  publisher = {United States Department of Agriculture},
  journal   = {Miscellanous Publication},
  number    = {454},
  title     = {Women's Measurements for Garments and Pattern Construction},
  volume    = {},
  year      = {1941}
}

@article{Mull,
  author  = {Amanda Mull},
  journal = {The Atlantic},
  number  = {},
  title   = {Americans Can't Escape Long-Disproven Body Stereotypes},
  volume  = {},
  year    = {november 2018}
}

@article{ROB2,
  author  = {Ruth O'Brien},
  journal = {D. S. Dept. AgT. MlSC. Pub.},
  number  = {},
  title   = {An annotated list of literature references on arment sizes and body measurements},
  volume  = {78},
  year    = {1930}
}

@article{Choi,
  author  = {D-E. Choi and K. Nakamura and T. Kurokawa},
  journal = {Journal of the Textile Machinery Society of Japan},
  number  = {6},
  pages   = {243–251},
  title   = {Analysis and classification of 3{D} breast shape using human body model},
  volume  = {52},
  year    = {2006}
}

@book{Minott,
  author    = {Jan Minott},
  editor    = {},
  publisher = {Burgess Pub. Co},
  title     = {FFITing Commercial Patterns: The Minott Method},
  year      = {1978}
}

@book{Armstrong,
  author    = {Helen Joseph Armstrong},
  editor    = {},
  publisher = {Harper \& Row},
  title     = {Patternmaking for Fashion Design},
  year      = {1987}
}

@article{BSAS,
  author  = {Lenda Jo Connell and Pamela V. Ulrich and Evelyn L. Brannon and Marina Alexander and Ann Presley},
  journal = {Clothing and Textiles Research Journal},
  number  = {24},
  pages   = {},
  title   = {Body {S}hape {A}ssessment {S}cale: {I}nstrument {D}evelopment {F}oranalyzing {F}emale {F}igures},
  volume  = {},
  year    = {March 2006}
}

@article{Fresh,
  author  = {Sareen Gropper and Karla P. Simmons and Alisha Gaines and Kelly Drawdy and Desiree Saunders and Pamela V. Ulrich and Lenda Jo Connell},
  journal = {Journal of American College Health},
  number  = {58},
  pages   = {223-31},
  title   = {The Freshman 15 - A Closer Look},
  volume  = {3},
  year    = {November 2009}
}

@unpublished{MMS,
  author = {K. P. Simmons and V. Chattaraman and P. V. Ulrich},
  note   = {AU Faculty Mentoring Grant, Auburn University},
  title  = {Analysis of Body Shape and Apparel Fit Preferences of Male Consumers},
  year   = {2008-9}
}

@misc{KATS,
  author       = {{Korean Agency for Technology and Standards}},
  title        = {The 5th SizeKorea Report},
  year         = {2004},
  howpublished = {\url{http://sizekorea.ats.go.kr/}}
}

@article{Nam,
  author  = {J. Nam and S. Park and E. S. Jung},
  journal = {Journal of the Ergonomics Society of Korea},
  number  = {26},
  title   = {{Categorization of the Body Types and Their Characteristics of Obese Korean Men}},
  pages   = {103–111},
  year    = {2007}
}

@book{Hair,
  author    = {J. F. Hair and R. E. Anderson and R. L. Tatham and W. C. Black},
  publisher = {Upper Saddle River, NJ: Prentice-Hall},
  title     = {Multivariate Data Analyses with Readings},
  year      = {1995}
}

@book{Ward,
  author    = {R. A. Johnson and D. W. Wichern},
  publisher = {Upper Saddle River, NJ: Prentice-Hall},
  title     = {Applied Multivariate Statistical Analysis},
  year      = {1998}
}

@article{ANSUR,
  author  = {C. C. Gordon and C. L. Blackwell and B. Bradtmiller and J. L. Parham and P. Barrientos and S. P. Paquette and B. D. Corner and J. M. Carson and J. C. Venezia and B. M. Rockwell and M. Mucher and S. Kristensen},
  journal = {Report No. NATICK/TR-15/007},
  number  = {},
  title   = {2012 {A}nthropometric {S}urvey of {U.S. A}rmy {P}ersonnel: {M}ethods and {S}ummary {S}tatistics},
  volume  = {},
  year    = {2015}
}

@misc{PAM,
  author       = {{Data Novia}},
  howpublished = {\href{https://www.datanovia.com/en/lessons/k-medoids-in-r-algorithm-and-practical-examples/#pam-concept}{https://www.datanovia.com}},
  title        = {PAM concept},
  year         = {}
}

@book{Elbow,
  author    = {Pratap Dangeti},
  publisher = {Packt Publishing},
  title     = {Statistics for Machine Learning},
  year      = {2017}
}

@misc{KSel,
  author       = {Indraneel Dutta Baruah},
  title        = {Cheat sheet to implementing 7 methods for selecting optimal number of clusters},
  howpublished = {\href{https://towardsdatascience.com/cheat-sheet-to-implementing-7-methods-for-selecting-optimal-number-of-clusters-in-python-898241e1d6ad}{https://towardsdatascience.com}},
  year         = {2020}
}